@inproceedings{GerhardtEtAl_2024,
  title = {Why Do Capstone Students Choose to Perform Behaviors? {{Differing}} Prevalence in Collaborative Choices},
  booktitle = {Capstone {{Design Conference}} 2024},
  author = {Gerhardt, Mitchell and Pitterson, Nicole and Dringenberg, Emily and Ahn, Benjamin},
  year = {2024},
  month = jun,
  address = {Knoxville, TN},
  langid = {english}
}

@inproceedings{GerhardtEtAl_2024a,
  title = {Reimagining {{Behavioral Analysis}} in {{Engineering Education}}: {{A Theoretical Exploration}} of {{Reasoned Action Approach}}},
  shorttitle = {Reimagining {{Behavioral Analysis}} in {{Engineering Education}}},
  booktitle = {2024 {{ASEE Annual Conference}} \& {{Exposition}}},
  author = {Gerhardt, Mitchell and Pitterson, Nicole P. and Dringenberg, Emily and Ahn, Benjamin},
  year = {2024},
  month = jun,
  urldate = {2024-11-19}
}

@article{KatzEtAl_2024,
  title = {Using {{Generative Text Models}} to {{Create Qualitative Codebooks}} for {{Student Evaluations}} of {{Teaching}}},
  author = {Katz, Andrew and Gerhardt, Mitch and Soledad, Michelle},
  year = {2024},
  month = jan,
  journal = {International Journal of Qualitative Methods},
  volume = {23},
  pages = {16094069241293283},
  publisher = {SAGE Publications Inc},
  issn = {1609-4069},
  doi = {10.1177/16094069241293283},
  urldate = {2024-11-15},
  langid = {english}
}
